
<record>
  <leader>00472cam a22001571  4500</leader>
  <controlfield tag="001">   00000006 </controlfield>
  <controlfield tag="003">DLC</controlfield>
  <controlfield tag="005">20040811140231.0</controlfield>
  <controlfield tag="008">981210s1899    ilu           000 1 eng  </controlfield>
  <datafield tag="010" ind1=" " ind2=" ">
    <subfield code="a">   00000006 </subfield>
  </datafield>
  <datafield tag="040" ind1=" " ind2=" ">
    <subfield code="a">DLC</subfield>
    <subfield code="c">DLC</subfield>
  </datafield>
  <datafield tag="050" ind1="0" ind2="0">
    <subfield code="a">PZ3.G654</subfield>
    <subfield code="b">S</subfield>
    <subfield code="a">PR9199.2.G6</subfield>
  </datafield>
  <datafield tag="100" ind1="1" ind2=" ">
    <subfield code="a">Connor, Ralph,</subfield>
    <subfield code="d">1860-1937.</subfield>
  </datafield>
  <datafield tag="245" ind1="1" ind2="4">
    <subfield code="a">The sky pilot;</subfield>
    <subfield code="b">a tale of the foothills,</subfield>
    <subfield code="c">by Ralph Connor [pseud.]</subfield>
  </datafield>
  <datafield tag="260" ind1=" " ind2=" ">
    <subfield code="a">Chicago,</subfield>
    <subfield code="a">New York [etc]</subfield>
    <subfield code="b">F. H. Revell company,</subfield>
    <subfield code="c">1899.</subfield>
  </datafield>
  <datafield tag="300" ind1=" " ind2=" ">
    <subfield code="a">300 p.</subfield>
    <subfield code="c">19 cm.</subfield>
  </datafield>
</record>