
<record>
  <leader>00548cam a22001811  4500</leader>
  <controlfield tag="001">   00000007 </controlfield>
  <controlfield tag="003">DLC</controlfield>
  <controlfield tag="005">20050723212458.0</controlfield>
  <controlfield tag="008">771115s1899    mau           000 0 eng  </controlfield>
  <datafield tag="010" ind1=" " ind2=" ">
    <subfield code="a">   00000007 </subfield>
  </datafield>
  <datafield tag="035" ind1=" " ind2=" ">
    <subfield code="a">(OCoLC)3421715</subfield>
  </datafield>
  <datafield tag="040" ind1=" " ind2=" ">
    <subfield code="a">DLC</subfield>
    <subfield code="c">TxDW</subfield>
    <subfield code="d">NcGU</subfield>
    <subfield code="d">DLC</subfield>
  </datafield>
  <datafield tag="042" ind1=" " ind2=" ">
    <subfield code="a">premarc</subfield>
  </datafield>
  <datafield tag="050" ind1="0" ind2="0">
    <subfield code="a">PS1767</subfield>
    <subfield code="b">.M3 1899</subfield>
  </datafield>
  <datafield tag="100" ind1="1" ind2=" ">
    <subfield code="a">Guiney, Louise Imogen,</subfield>
    <subfield code="d">1861-1920.</subfield>
  </datafield>
  <datafield tag="245" ind1="1" ind2="4">
    <subfield code="a">The martyrs&apos; idyl,</subfield>
    <subfield code="b">and shorter poems,</subfield>
    <subfield code="c">by Louise Imogen Guiney.</subfield>
  </datafield>
  <datafield tag="260" ind1=" " ind2=" ">
    <subfield code="a">Boston,</subfield>
    <subfield code="a">New York,</subfield>
    <subfield code="b">Houghton, Mifflin and Company,</subfield>
    <subfield code="c">1899.</subfield>
  </datafield>
  <datafield tag="300" ind1=" " ind2=" ">
    <subfield code="a">vi, 81, [1] p.</subfield>
    <subfield code="c">19 cm.</subfield>
  </datafield>
</record>