
<record>
  <leader>01527cam a22003371  4500</leader>
  <controlfield tag="001">   00000048 </controlfield>
  <controlfield tag="003">DLC</controlfield>
  <controlfield tag="005">20131122073246.0</controlfield>
  <controlfield tag="008">950921s1899    mau           000 0 eng  </controlfield>
  <datafield tag="010" ind1=" " ind2=" ">
    <subfield code="a">   00000048 </subfield>
  </datafield>
  <datafield tag="035" ind1=" " ind2=" ">
    <subfield code="a">(OCoLC)33185636</subfield>
  </datafield>
  <datafield tag="040" ind1=" " ind2=" ">
    <subfield code="a">DLC</subfield>
    <subfield code="c">OrP</subfield>
    <subfield code="d">OTifH</subfield>
    <subfield code="d">DLC</subfield>
  </datafield>
  <datafield tag="042" ind1=" " ind2=" ">
    <subfield code="a">premarc</subfield>
  </datafield>
  <datafield tag="043" ind1=" " ind2=" ">
    <subfield code="a">n-us-ma</subfield>
    <subfield code="a">e-ei---</subfield>
  </datafield>
  <datafield tag="050" ind1="0" ind2="0">
    <subfield code="a">AC8</subfield>
    <subfield code="b">.F62</subfield>
  </datafield>
  <datafield tag="100" ind1="1" ind2=" ">
    <subfield code="a">Fiske, John,</subfield>
    <subfield code="d">1842-1901.</subfield>
  </datafield>
  <datafield tag="245" ind1="1" ind2="2">
    <subfield code="a">A century of science and other essays,</subfield>
    <subfield code="c">by John Fiske ...</subfield>
  </datafield>
  <datafield tag="260" ind1=" " ind2=" ">
    <subfield code="a">Boston,</subfield>
    <subfield code="a">New York,</subfield>
    <subfield code="b">Houghton Mifflin co.,</subfield>
    <subfield code="c">1899.</subfield>
  </datafield>
  <datafield tag="300" ind1=" " ind2=" ">
    <subfield code="a">vii p., i l., 477, [1] p.</subfield>
    <subfield code="c">21 cm.</subfield>
  </datafield>
  <datafield tag="505" ind1="0" ind2=" ">
    <subfield code="a">Century of science.--Doctrine of evolution; its scope and purport.--Edward Livingston Youmans.--Part played by infancy in the evolution of man.--Origins of liberal thought in America.--Sir Harry Vane.--Arbitration treaty.--Francis Parkman.--Edward Augustus Freeman.--Cambridge as village and city.--Harvest of Irish folk-lore.--Guessing at half and multiplying by two.--Forty years of Bacon Shakespearefully.--Some cranks and their crochets.</subfield>
  </datafield>
  <datafield tag="650" ind1=" " ind2="0">
    <subfield code="a">Science</subfield>
    <subfield code="x">History.</subfield>
  </datafield>
  <datafield tag="650" ind1=" " ind2="0">
    <subfield code="a">Evolution.</subfield>
  </datafield>
  <datafield tag="600" ind1="1" ind2="0">
    <subfield code="a">Youmans, Edward Livingston,</subfield>
    <subfield code="d">1821-1887</subfield>
  </datafield>
  <datafield tag="600" ind1="1" ind2="0">
    <subfield code="a">Vane, Henry,</subfield>
    <subfield code="c">Sir,</subfield>
    <subfield code="d">1613-1662.</subfield>
  </datafield>
  <datafield tag="650" ind1=" " ind2="0">
    <subfield code="a">Arbitration (International law)</subfield>
  </datafield>
  <datafield tag="600" ind1="1" ind2="0">
    <subfield code="a">Parkman, Francis,</subfield>
    <subfield code="d">1823-1893.</subfield>
  </datafield>
  <datafield tag="600" ind1="1" ind2="0">
    <subfield code="a">Freeman, Edward Augustus,</subfield>
    <subfield code="d">1823-1892</subfield>
  </datafield>
  <datafield tag="651" ind1=" " ind2="0">
    <subfield code="a">Cambridge (Mass.)</subfield>
    <subfield code="x">Description and travel.</subfield>
  </datafield>
  <datafield tag="650" ind1=" " ind2="0">
    <subfield code="a">Folklore</subfield>
    <subfield code="z">Ireland.</subfield>
  </datafield>
  <datafield tag="600" ind1="1" ind2="0">
    <subfield code="a">Shakespeare, William,</subfield>
    <subfield code="d">1564-1616.</subfield>
    <subfield code="x">Authorship.</subfield>
  </datafield>
  <datafield tag="600" ind1="1" ind2="0">
    <subfield code="a">Cook, Joseph,</subfield>
    <subfield code="d">1838-1901.</subfield>
  </datafield>
</record>