
<record>
  <leader>00938cam a22002411  4500</leader>
  <controlfield tag="001">   00000049 </controlfield>
  <controlfield tag="003">DLC</controlfield>
  <controlfield tag="005">20050201100357.0</controlfield>
  <controlfield tag="008">750929s1900    mauf          000 1 eng  </controlfield>
  <datafield tag="010" ind1=" " ind2=" ">
    <subfield code="a">   00000049 </subfield>
  </datafield>
  <datafield tag="035" ind1=" " ind2=" ">
    <subfield code="a">(OCoLC)1662553</subfield>
  </datafield>
  <datafield tag="040" ind1=" " ind2=" ">
    <subfield code="a">DLC</subfield>
    <subfield code="c">TxDW</subfield>
    <subfield code="d">DLC</subfield>
  </datafield>
  <datafield tag="050" ind1="0" ind2="0">
    <subfield code="a">PZ3.G1335</subfield>
    <subfield code="b">V</subfield>
    <subfield code="a">PS3513.A384</subfield>
  </datafield>
  <datafield tag="100" ind1="1" ind2=" ">
    <subfield code="a">Gallaher, Grace Margaret.</subfield>
  </datafield>
  <datafield tag="245" ind1="1" ind2="0">
    <subfield code="a">Vassar stories,</subfield>
    <subfield code="c">by Grace Margaret Gallaher...</subfield>
  </datafield>
  <datafield tag="260" ind1=" " ind2=" ">
    <subfield code="a">Boston,</subfield>
    <subfield code="b">R. G. Badger &amp; co.,</subfield>
    <subfield code="c">1900.</subfield>
  </datafield>
  <datafield tag="300" ind1=" " ind2=" ">
    <subfield code="a">6 p. l., 3-269 p., 1 l. front., 7 pl.</subfield>
    <subfield code="c">19 cm.</subfield>
  </datafield>
  <datafield tag="500" ind1=" " ind2=" ">
    <subfield code="a">Imperfect: 2 plates wanting.</subfield>
  </datafield>
  <datafield tag="505" ind1="0" ind2=" ">
    <subfield code="a">--In the matter of room-mates.--The moulders of public opinion.--Her position.--A sense of obligation.--Neither a lender nor a borrower be.--The clan.--At the first game.--On baccalaureate Sunday.</subfield>
  </datafield>
  <datafield tag="610" ind1="2" ind2="0">
    <subfield code="a">Vassar College</subfield>
    <subfield code="x">Fiction.</subfield>
  </datafield>
  <datafield tag="650" ind1=" " ind2="0">
    <subfield code="a">Women college students</subfield>
    <subfield code="x">Fiction.</subfield>
  </datafield>
  <datafield tag="651" ind1=" " ind2="0">
    <subfield code="a">Poughkeepsie (N.Y.)</subfield>
    <subfield code="x">Fiction.</subfield>
  </datafield>
  <datafield tag="650" ind1=" " ind2="0">
    <subfield code="a">College stories, American.</subfield>
  </datafield>
</record>