
<record>
  <leader>00784cam a22002051  4500</leader>
  <controlfield tag="001">   00000057 </controlfield>
  <controlfield tag="003">DLC</controlfield>
  <controlfield tag="005">20050429113037.0</controlfield>
  <controlfield tag="008">750127s1899    mau           000 1 eng  </controlfield>
  <datafield tag="010" ind1=" " ind2=" ">
    <subfield code="a">   00000057 </subfield>
  </datafield>
  <datafield tag="035" ind1=" " ind2=" ">
    <subfield code="a">(OCoLC)1152476</subfield>
  </datafield>
  <datafield tag="040" ind1=" " ind2=" ">
    <subfield code="a">DLC</subfield>
    <subfield code="c">OKentU</subfield>
    <subfield code="d">OCoLC</subfield>
    <subfield code="d">CoFS</subfield>
    <subfield code="d">OCoLC</subfield>
    <subfield code="d">NcGU</subfield>
    <subfield code="d">DLC</subfield>
  </datafield>
  <datafield tag="050" ind1="0" ind2="0">
    <subfield code="a">PZ3.J55</subfield>
    <subfield code="b">Qu</subfield>
    <subfield code="a">PS2132</subfield>
  </datafield>
  <datafield tag="051" ind1=" " ind2=" ">
    <subfield code="a">PS2132</subfield>
    <subfield code="b">.Q4</subfield>
  </datafield>
  <datafield tag="082" ind1=" " ind2=" ">
    <subfield code="a">813.49</subfield>
  </datafield>
  <datafield tag="100" ind1="1" ind2=" ">
    <subfield code="a">Jewett, Sarah Orne,</subfield>
    <subfield code="d">1849-1909.</subfield>
  </datafield>
  <datafield tag="245" ind1="1" ind2="4">
    <subfield code="a">The queen&apos;s twin,</subfield>
    <subfield code="b">and other stories,</subfield>
    <subfield code="c">by Sarah Orne Jewett.</subfield>
  </datafield>
  <datafield tag="260" ind1=" " ind2=" ">
    <subfield code="a">Boston,</subfield>
    <subfield code="a">New York,</subfield>
    <subfield code="b">Houghton, Mifflin and Company,</subfield>
    <subfield code="c">1899.</subfield>
  </datafield>
  <datafield tag="300" ind1=" " ind2=" ">
    <subfield code="a">3 p. l., 232 p., 1 l.</subfield>
    <subfield code="c">18 cm.</subfield>
  </datafield>
  <datafield tag="505" ind1="0" ind2=" ">
    <subfield code="a">The queen&apos;s twin.--A Dunnet shepherdess.--Where&apos;s Nora?--Bold words at the bridge.--Martha&apos;s lady.--The coon dog.--Aunt Cynthy Dallett.--The night before Thanksgiving.</subfield>
  </datafield>
</record>