
<record>
  <leader>00904cam a22002291a 4500</leader>
  <controlfield tag="001">   00000058 </controlfield>
  <controlfield tag="003">DLC</controlfield>
  <controlfield tag="005">20050909162845.0</controlfield>
  <controlfield tag="008">730808s1899    maua          001 0 eng  </controlfield>
  <datafield tag="010" ind1=" " ind2=" ">
    <subfield code="a">   00000058 </subfield>
  </datafield>
  <datafield tag="035" ind1=" " ind2=" ">
    <subfield code="a">(OCoLC)674701</subfield>
  </datafield>
  <datafield tag="040" ind1=" " ind2=" ">
    <subfield code="a">DLC</subfield>
    <subfield code="c">OO</subfield>
    <subfield code="d">MnHi</subfield>
    <subfield code="d">DLC</subfield>
  </datafield>
  <datafield tag="042" ind1=" " ind2=" ">
    <subfield code="a">premarc</subfield>
  </datafield>
  <datafield tag="050" ind1="0" ind2="0">
    <subfield code="a">CT275.L85</subfield>
    <subfield code="b">R3</subfield>
  </datafield>
  <datafield tag="100" ind1="1" ind2=" ">
    <subfield code="a">Lesley, Susan I.</subfield>
    <subfield code="q">(Susan Inches),</subfield>
    <subfield code="d">1823-1904.</subfield>
  </datafield>
  <datafield tag="245" ind1="1" ind2="0">
    <subfield code="a">Recollections of my mother, Mrs. Anne Jean Lyman, of Northampton :</subfield>
    <subfield code="b">being a picture of domestic and social life in New England in the first half of the nineteenth century /</subfield>
    <subfield code="c">by Susan I. Lesley.</subfield>
  </datafield>
  <datafield tag="260" ind1=" " ind2=" ">
    <subfield code="a">Boston :</subfield>
    <subfield code="b">Houghton, Mifflin,</subfield>
    <subfield code="c">1899.</subfield>
  </datafield>
  <datafield tag="300" ind1=" " ind2=" ">
    <subfield code="a">vi, 505 p., [5] leaves of plates :</subfield>
    <subfield code="b">ill. ;</subfield>
    <subfield code="c">21 cm.</subfield>
  </datafield>
  <datafield tag="500" ind1=" " ind2=" ">
    <subfield code="a">Reprint of the author&apos;s Memoir of the life of Mrs. Anne Jean Lyman.</subfield>
  </datafield>
  <datafield tag="500" ind1=" " ind2=" ">
    <subfield code="a">Includes index.</subfield>
  </datafield>
  <datafield tag="600" ind1="1" ind2="0">
    <subfield code="a">Lyman, Anne Jean,</subfield>
    <subfield code="d">1789-1867.</subfield>
  </datafield>
  <datafield tag="651" ind1=" " ind2="0">
    <subfield code="a">New England</subfield>
    <subfield code="x">Social life and customs.</subfield>
  </datafield>
</record>