
<record>
  <leader>00798cam a22002171  4500</leader>
  <controlfield tag="001">   00000068 </controlfield>
  <controlfield tag="003">DLC</controlfield>
  <controlfield tag="005">20080719080359.0</controlfield>
  <controlfield tag="007">cr_|||||||||||</controlfield>
  <controlfield tag="008">720526s1899    xx            000 0 eng  </controlfield>
  <datafield tag="010" ind1=" " ind2=" ">
    <subfield code="a">   00000068 </subfield>
  </datafield>
  <datafield tag="035" ind1=" " ind2=" ">
    <subfield code="a">(OCoLC)318555</subfield>
  </datafield>
  <datafield tag="040" ind1=" " ind2=" ">
    <subfield code="a">DLC</subfield>
    <subfield code="c">OKentU</subfield>
    <subfield code="d">OCoLC</subfield>
    <subfield code="d">DLC</subfield>
  </datafield>
  <datafield tag="050" ind1="0" ind2="0">
    <subfield code="a">E449</subfield>
    <subfield code="b">.P88</subfield>
  </datafield>
  <datafield tag="100" ind1="1" ind2=" ">
    <subfield code="a">Powell, Aaron M.</subfield>
    <subfield code="q">(Aaron Macy),</subfield>
    <subfield code="d">1832-1899.</subfield>
  </datafield>
  <datafield tag="245" ind1="0" ind2="0">
    <subfield code="a">Personal reminiscences of the anti-slavery and other reforms and reformers.</subfield>
    <subfield code="c">By Aaron M. Powell.</subfield>
  </datafield>
  <datafield tag="260" ind1=" " ind2=" ">
    <subfield code="a">Plainfield, N.J.,</subfield>
    <subfield code="b">A. R. Powell;</subfield>
    <subfield code="a">New York,</subfield>
    <subfield code="b">Caulon press,</subfield>
    <subfield code="c">1899.</subfield>
  </datafield>
  <datafield tag="300" ind1=" " ind2=" ">
    <subfield code="a">xx, 279 p.</subfield>
    <subfield code="b">illus.</subfield>
    <subfield code="c">21 cm.</subfield>
  </datafield>
  <datafield tag="530" ind1=" " ind2=" ">
    <subfield code="a">Also available in digital form on the Internet Archive Web site.</subfield>
  </datafield>
  <datafield tag="650" ind1=" " ind2="0">
    <subfield code="a">Antislavery movements</subfield>
    <subfield code="z">United States.</subfield>
  </datafield>
  <datafield tag="856" ind1="4" ind2="1">
    <subfield code="u">http://hdl.loc.gov/loc.gdc/scd0001.00118996719</subfield>
  </datafield>
</record>