
<record>
  <leader>00703cam a22002051  4500</leader>
  <controlfield tag="001">   00000070 </controlfield>
  <controlfield tag="003">DLC</controlfield>
  <controlfield tag="005">20110510080300.0</controlfield>
  <controlfield tag="008">770620s1899    mauabf        000 0 eng  </controlfield>
  <datafield tag="010" ind1=" " ind2=" ">
    <subfield code="a">   00000070 </subfield>
  </datafield>
  <datafield tag="035" ind1=" " ind2=" ">
    <subfield code="a">(OCoLC)3054486</subfield>
  </datafield>
  <datafield tag="040" ind1=" " ind2=" ">
    <subfield code="a">DLC</subfield>
    <subfield code="c">GStG</subfield>
    <subfield code="d">OCoLC</subfield>
    <subfield code="d">DLC</subfield>
  </datafield>
  <datafield tag="050" ind1="0" ind2="0">
    <subfield code="a">DS709</subfield>
    <subfield code="b">.R36</subfield>
  </datafield>
  <datafield tag="100" ind1="1" ind2=" ">
    <subfield code="a">Reid, William Jameson.</subfield>
  </datafield>
  <datafield tag="245" ind1="1" ind2="0">
    <subfield code="a">Through unexplored Asia,</subfield>
    <subfield code="c">by William Jameson Reid. Illustrated by L.J. Bridgman.</subfield>
  </datafield>
  <datafield tag="260" ind1=" " ind2=" ">
    <subfield code="a">Boston,</subfield>
    <subfield code="b">D. Estes &amp; Company</subfield>
    <subfield code="c">[1899]</subfield>
  </datafield>
  <datafield tag="300" ind1=" " ind2=" ">
    <subfield code="a">8 p. l., 11-499 p. incl. illus., plates.</subfield>
    <subfield code="b">front., 3 fold. maps.</subfield>
    <subfield code="c">24 cm.</subfield>
  </datafield>
  <datafield tag="500" ind1=" " ind2=" ">
    <subfield code="a">Maps in pocket.</subfield>
  </datafield>
  <datafield tag="651" ind1=" " ind2="0">
    <subfield code="a">China</subfield>
    <subfield code="x">Description and travel.</subfield>
  </datafield>
  <datafield tag="651" ind1=" " ind2="0">
    <subfield code="a">Tibet Autonomous Region (China)</subfield>
    <subfield code="x">Description and travel.</subfield>
  </datafield>
</record>