
<record>
  <leader>01012cam a22002171  4500</leader>
  <controlfield tag="001">   00000074 </controlfield>
  <controlfield tag="003">DLC</controlfield>
  <controlfield tag="005">20050901073116.0</controlfield>
  <controlfield tag="008">730629s1899    maua          000 1 eng  </controlfield>
  <datafield tag="010" ind1=" " ind2=" ">
    <subfield code="a">   00000074 </subfield>
  </datafield>
  <datafield tag="020" ind1=" " ind2=" ">
    <subfield code="a">0836932722</subfield>
  </datafield>
  <datafield tag="035" ind1=" " ind2=" ">
    <subfield code="a">(OCoLC)647986</subfield>
  </datafield>
  <datafield tag="040" ind1=" " ind2=" ">
    <subfield code="a">DLC</subfield>
    <subfield code="c">OKentU</subfield>
    <subfield code="d">OCoLC</subfield>
    <subfield code="d">DLC</subfield>
  </datafield>
  <datafield tag="042" ind1=" " ind2=" ">
    <subfield code="a">premarc</subfield>
  </datafield>
  <datafield tag="050" ind1="0" ind2="0">
    <subfield code="a">PZ3.S918</subfield>
    <subfield code="b">Lo</subfield>
    <subfield code="a">PS3537.T845</subfield>
  </datafield>
  <datafield tag="100" ind1="1" ind2=" ">
    <subfield code="a">Stringer, Arthur,</subfield>
    <subfield code="d">1874-1950.</subfield>
  </datafield>
  <datafield tag="245" ind1="1" ind2="4">
    <subfield code="a">The loom of destiny</subfield>
    <subfield code="c">[by] Arthur J. Stringer ...</subfield>
  </datafield>
  <datafield tag="260" ind1=" " ind2=" ">
    <subfield code="a">Boston,</subfield>
    <subfield code="b">Small, Maynard &amp; Company,</subfield>
    <subfield code="c">1899.</subfield>
  </datafield>
  <datafield tag="300" ind1=" " ind2=" ">
    <subfield code="a">5 p. l., 3-208 p.</subfield>
    <subfield code="b">illus.</subfield>
    <subfield code="c">17 cm.</subfield>
  </datafield>
  <datafield tag="500" ind1=" " ind2=" ">
    <subfield code="a">Some of these stories were originally published in Ainslee&apos;s magazine.</subfield>
  </datafield>
  <datafield tag="505" ind1="0" ind2=" ">
    <subfield code="a">Premonitions.--The undoing of Dinney Crockett.--The fly in the ointment.--The iron age.--The king who lost his crown.--Life&apos;s loaded die.--The crucible of character.--The essentials of aristocracy.--The honour of the house of Hummerley.--Thicker than water.--Instruments of Eros.--An essay in equality.--The heart&apos;s desire.--Not in utter nakedness.</subfield>
  </datafield>
</record>