
<record>
  <leader>00751cam a22002171  4500</leader>
  <controlfield tag="001">   00000086 </controlfield>
  <controlfield tag="003">DLC</controlfield>
  <controlfield tag="005">20050701180328.0</controlfield>
  <controlfield tag="008">791027s1899    nyuf          000 0 eng  </controlfield>
  <datafield tag="010" ind1=" " ind2=" ">
    <subfield code="a">   00000086 </subfield>
  </datafield>
  <datafield tag="035" ind1=" " ind2=" ">
    <subfield code="a">(OCoLC)5594145</subfield>
  </datafield>
  <datafield tag="040" ind1=" " ind2=" ">
    <subfield code="a">DLC</subfield>
    <subfield code="c">CLU</subfield>
    <subfield code="d">DLC</subfield>
  </datafield>
  <datafield tag="042" ind1=" " ind2=" ">
    <subfield code="a">premarc</subfield>
  </datafield>
  <datafield tag="050" ind1="0" ind2="0">
    <subfield code="a">TR6</subfield>
    <subfield code="b">.N5 1899</subfield>
  </datafield>
  <datafield tag="110" ind1="2" ind2=" ">
    <subfield code="a">American Institute of the City of New York.</subfield>
    <subfield code="b">Photographical Section.</subfield>
  </datafield>
  <datafield tag="245" ind1="1" ind2="0">
    <subfield code="a">Catalogue of the American Institute Photographic Salon.</subfield>
    <subfield code="b">December fourth to twenty-third, MDCCCXCIX ...</subfield>
  </datafield>
  <datafield tag="260" ind1=" " ind2=" ">
    <subfield code="a">[New York,</subfield>
    <subfield code="b">The Goerck Art Press,</subfield>
    <subfield code="c">c1899]</subfield>
  </datafield>
  <datafield tag="300" ind1=" " ind2=" ">
    <subfield code="a">[32] p.</subfield>
    <subfield code="b">8 pl.</subfield>
    <subfield code="c">25 cm.</subfield>
  </datafield>
  <datafield tag="500" ind1=" " ind2=" ">
    <subfield code="a">Advertising matter included in paging.</subfield>
  </datafield>
  <datafield tag="500" ind1=" " ind2=" ">
    <subfield code="a">Seven of the plates printed on both sides.</subfield>
  </datafield>
  <datafield tag="650" ind1=" " ind2="0">
    <subfield code="a">Photography</subfield>
    <subfield code="v">Exhibitions.</subfield>
  </datafield>
</record>