
<record>
  <leader>01174cam a22002651  4500</leader>
  <controlfield tag="001">   00000087 </controlfield>
  <controlfield tag="003">DLC</controlfield>
  <controlfield tag="005">20060629092826.0</controlfield>
  <controlfield tag="007">cr ||||||||a|a</controlfield>
  <controlfield tag="008">810220s1899    nyu           000 0 eng  </controlfield>
  <datafield tag="010" ind1=" " ind2=" ">
    <subfield code="a">   00000087 </subfield>
  </datafield>
  <datafield tag="040" ind1=" " ind2=" ">
    <subfield code="a">DLC</subfield>
    <subfield code="c">CarP</subfield>
    <subfield code="d">DLC</subfield>
  </datafield>
  <datafield tag="042" ind1=" " ind2=" ">
    <subfield code="a">dlr</subfield>
  </datafield>
  <datafield tag="043" ind1=" " ind2=" ">
    <subfield code="a">n-us---</subfield>
  </datafield>
  <datafield tag="050" ind1="0" ind2="0">
    <subfield code="a">E168</subfield>
    <subfield code="b">.A67</subfield>
  </datafield>
  <datafield tag="100" ind1="1" ind2=" ">
    <subfield code="a">Archer, William,</subfield>
    <subfield code="d">1856-1924.</subfield>
  </datafield>
  <datafield tag="245" ind1="1" ind2="0">
    <subfield code="a">America to-day;</subfield>
    <subfield code="b">observations and reflections</subfield>
    <subfield code="c">by William Archer.</subfield>
  </datafield>
  <datafield tag="260" ind1=" " ind2=" ">
    <subfield code="a">New York,</subfield>
    <subfield code="b">C. Scribner&apos;s sons,</subfield>
    <subfield code="c">1899.</subfield>
  </datafield>
  <datafield tag="300" ind1=" " ind2=" ">
    <subfield code="a">2 p.l., iii-v p., 1 l., 260 p.</subfield>
    <subfield code="c">19 cm.</subfield>
  </datafield>
  <datafield tag="500" ind1=" " ind2=" ">
    <subfield code="a">&quot;The letters and essays which make up this volume appeared in the London Pall Mall gazette and Pall Mall magazine, respectively.&quot;</subfield>
  </datafield>
  <datafield tag="533" ind1=" " ind2=" ">
    <subfield code="a">Electronic reproduction.</subfield>
    <subfield code="b">Washington, D.C. :</subfield>
    <subfield code="c">Library of Congress,</subfield>
    <subfield code="d">[2002-2003]</subfield>
  </datafield>
  <datafield tag="538" ind1=" " ind2=" ">
    <subfield code="a">Master and use digital copies are also available from the Library of Congress Web site; technical details on the digital scanning are available at http://hdl.loc.gov/loc.gdc/collbuild.lhbtn</subfield>
  </datafield>
  <datafield tag="651" ind1=" " ind2="0">
    <subfield code="a">United States</subfield>
    <subfield code="x">Description and travel.</subfield>
  </datafield>
  <datafield tag="651" ind1=" " ind2="0">
    <subfield code="a">United States</subfield>
    <subfield code="x">Social life and customs.</subfield>
  </datafield>
  <datafield tag="856" ind1="4" ind2="1">
    <subfield code="d">lhbtn</subfield>
    <subfield code="f">00087</subfield>
    <subfield code="q">s</subfield>
    <subfield code="u">http://hdl.loc.gov/loc.gdc/lhbtn.00087</subfield>
  </datafield>
</record>