
<record>
  <leader>00507cam a22001811  4500</leader>
  <controlfield tag="001">   00000092 </controlfield>
  <controlfield tag="003">DLC</controlfield>
  <controlfield tag="005">20050429202521.0</controlfield>
  <controlfield tag="008">940827s1899    nyu           000 0 eng  </controlfield>
  <datafield tag="010" ind1=" " ind2=" ">
    <subfield code="a">   00000092 </subfield>
  </datafield>
  <datafield tag="035" ind1=" " ind2=" ">
    <subfield code="a">(OCoLC)31021216</subfield>
  </datafield>
  <datafield tag="040" ind1=" " ind2=" ">
    <subfield code="a">DLC</subfield>
    <subfield code="c">NcD</subfield>
    <subfield code="d">DLC</subfield>
  </datafield>
  <datafield tag="042" ind1=" " ind2=" ">
    <subfield code="a">premarc</subfield>
  </datafield>
  <datafield tag="050" ind1="0" ind2="0">
    <subfield code="a">F189.B1</subfield>
    <subfield code="b">A182</subfield>
  </datafield>
  <datafield tag="245" ind1="0" ind2="4">
    <subfield code="a">The Baltimore society address book ...</subfield>
    <subfield code="b">1900.</subfield>
  </datafield>
  <datafield tag="260" ind1=" " ind2=" ">
    <subfield code="a">New York city,</subfield>
    <subfield code="b">Dau publishing co.,</subfield>
    <subfield code="c">c1899.</subfield>
  </datafield>
  <datafield tag="300" ind1=" " ind2=" ">
    <subfield code="a">6 p. l., [17]-203 p.</subfield>
    <subfield code="c">18 cm.</subfield>
  </datafield>
  <datafield tag="651" ind1=" " ind2="0">
    <subfield code="a">Baltimore (Md.)</subfield>
    <subfield code="v">Directories.</subfield>
  </datafield>
</record>