
<record>
  <leader>00645cam a22001811  4500</leader>
  <controlfield tag="001">   00000097 </controlfield>
  <controlfield tag="003">DLC</controlfield>
  <controlfield tag="005">20021213132442.0</controlfield>
  <controlfield tag="008">800815s1899    xx            000 0 eng  </controlfield>
  <datafield tag="010" ind1=" " ind2=" ">
    <subfield code="a">   00000097 </subfield>
  </datafield>
  <datafield tag="035" ind1=" " ind2=" ">
    <subfield code="a">(OCoLC)6623205</subfield>
  </datafield>
  <datafield tag="040" ind1=" " ind2=" ">
    <subfield code="a">DLC</subfield>
    <subfield code="c">CLolC</subfield>
    <subfield code="d">CLolC</subfield>
    <subfield code="d">DLC</subfield>
  </datafield>
  <datafield tag="050" ind1="0" ind2="0">
    <subfield code="a">BV4010</subfield>
    <subfield code="b">.B65</subfield>
  </datafield>
  <datafield tag="100" ind1="1" ind2=" ">
    <subfield code="a">Booth, Henry M.</subfield>
    <subfield code="q">(Henry Matthias),</subfield>
    <subfield code="d">1843-1899.</subfield>
  </datafield>
  <datafield tag="245" ind1="1" ind2="4">
    <subfield code="a">The man and his message;</subfield>
    <subfield code="c">addresses by Henry M. Booth delivered before the students and alumni of the Theological Seminary, of Auburn, in the state of New York.</subfield>
  </datafield>
  <datafield tag="260" ind1=" " ind2=" ">
    <subfield code="a">New York,</subfield>
    <subfield code="b">Fleming H. Revell Company</subfield>
    <subfield code="c">[c1899]</subfield>
  </datafield>
  <datafield tag="300" ind1=" " ind2=" ">
    <subfield code="a">163 p.</subfield>
    <subfield code="c">19 cm.</subfield>
  </datafield>
  <datafield tag="650" ind1=" " ind2="0">
    <subfield code="a">Pastoral theology.</subfield>
  </datafield>
</record>