
<record>
  <leader>00692cam a22002171a 4500</leader>
  <controlfield tag="001">   00000101 </controlfield>
  <controlfield tag="003">DLC</controlfield>
  <controlfield tag="005">20050730162809.0</controlfield>
  <controlfield tag="008">830526s1899    nyuac         001 0 eng  </controlfield>
  <datafield tag="010" ind1=" " ind2=" ">
    <subfield code="a">   00000101 </subfield>
  </datafield>
  <datafield tag="035" ind1=" " ind2=" ">
    <subfield code="a">(OCoLC)9550189</subfield>
  </datafield>
  <datafield tag="040" ind1=" " ind2=" ">
    <subfield code="a">DLC</subfield>
    <subfield code="c">WvHuM</subfield>
    <subfield code="d">WvHuM</subfield>
    <subfield code="d">NbU-M</subfield>
    <subfield code="d">DLC</subfield>
  </datafield>
  <datafield tag="042" ind1=" " ind2=" ">
    <subfield code="a">premarc</subfield>
  </datafield>
  <datafield tag="050" ind1="0" ind2="0">
    <subfield code="a">RD731</subfield>
    <subfield code="b">.B78</subfield>
  </datafield>
  <datafield tag="100" ind1="1" ind2=" ">
    <subfield code="a">Bradford, Edward H.</subfield>
    <subfield code="q">(Edward Hickling),</subfield>
    <subfield code="d">1848-1926.</subfield>
  </datafield>
  <datafield tag="245" ind1="1" ind2="0">
    <subfield code="a">Treatise on orthopedic surgery /</subfield>
    <subfield code="c">by Edward H. Bradford and Robert W. Lovett.</subfield>
  </datafield>
  <datafield tag="250" ind1=" " ind2=" ">
    <subfield code="a">2nd rev ed.</subfield>
  </datafield>
  <datafield tag="260" ind1=" " ind2=" ">
    <subfield code="a">New York :</subfield>
    <subfield code="b">W. Wood,</subfield>
    <subfield code="c">1899.</subfield>
  </datafield>
  <datafield tag="300" ind1=" " ind2=" ">
    <subfield code="a">vi, 655 p. :</subfield>
    <subfield code="b">ill., port. ;</subfield>
    <subfield code="c">25 cm.</subfield>
  </datafield>
  <datafield tag="650" ind1=" " ind2="0">
    <subfield code="a">Orthopedics.</subfield>
  </datafield>
  <datafield tag="700" ind1="1" ind2=" ">
    <subfield code="a">Lovett, Robert Williamson,</subfield>
    <subfield code="d">1859-1924,</subfield>
    <subfield code="e">joint author.</subfield>
  </datafield>
</record>