
<record>
  <leader>00752cam a22002051  4500</leader>
  <controlfield tag="001">   00000111 </controlfield>
  <controlfield tag="003">DLC</controlfield>
  <controlfield tag="005">20050730162811.0</controlfield>
  <controlfield tag="008">850730s1899    pau           000 0 eng  </controlfield>
  <datafield tag="010" ind1=" " ind2=" ">
    <subfield code="a">   00000111 </subfield>
  </datafield>
  <datafield tag="035" ind1=" " ind2=" ">
    <subfield code="a">(OCoLC)12325471</subfield>
  </datafield>
  <datafield tag="040" ind1=" " ind2=" ">
    <subfield code="a">DLC</subfield>
    <subfield code="c">NBuU</subfield>
    <subfield code="d">DLC</subfield>
  </datafield>
  <datafield tag="042" ind1=" " ind2=" ">
    <subfield code="a">premarc</subfield>
  </datafield>
  <datafield tag="050" ind1="0" ind2="0">
    <subfield code="a">PQ2177</subfield>
    <subfield code="b">.C42</subfield>
  </datafield>
  <datafield tag="100" ind1="1" ind2=" ">
    <subfield code="a">Cerfberr, Anatole,</subfield>
    <subfield code="d">1835-1896.</subfield>
  </datafield>
  <datafield tag="245" ind1="1" ind2="0">
    <subfield code="a">Compendium.</subfield>
    <subfield code="b">H. de Balzac&apos;s ComeÌdie humaine,</subfield>
    <subfield code="c">by A. Cerfberr and J. Christophe; with an introduction by Paul Bourget. Translated and edited by Jno. Rudd, B. A.</subfield>
  </datafield>
  <datafield tag="260" ind1=" " ind2=" ">
    <subfield code="a">Philadelphia,</subfield>
    <subfield code="b">The Gebbie publishing co., ltd.,</subfield>
    <subfield code="c">1899.</subfield>
  </datafield>
  <datafield tag="300" ind1=" " ind2=" ">
    <subfield code="a">xv, [1], 583 p.</subfield>
    <subfield code="c">22 cm.</subfield>
  </datafield>
  <datafield tag="600" ind1="1" ind2="0">
    <subfield code="a">Balzac, HonoreÌ de,</subfield>
    <subfield code="d">1799-1850.</subfield>
    <subfield code="t">ComeÌdie humaine.</subfield>
  </datafield>
  <datafield tag="700" ind1="1" ind2=" ">
    <subfield code="a">Christophe, Jules FrancÌ§ois,</subfield>
    <subfield code="d">1840-</subfield>
  </datafield>
</record>