
<record>
  <leader>00594cam a22001931  4500</leader>
  <controlfield tag="001">   00000118 </controlfield>
  <controlfield tag="003">DLC</controlfield>
  <controlfield tag="005">20050909162847.0</controlfield>
  <controlfield tag="008">780614s1899    nyu           000 0 eng  </controlfield>
  <datafield tag="010" ind1=" " ind2=" ">
    <subfield code="a">   00000118 </subfield>
  </datafield>
  <datafield tag="035" ind1=" " ind2=" ">
    <subfield code="a">(OCoLC)3975027</subfield>
  </datafield>
  <datafield tag="040" ind1=" " ind2=" ">
    <subfield code="a">DLC</subfield>
    <subfield code="c">MnSB</subfield>
    <subfield code="d">DLC</subfield>
  </datafield>
  <datafield tag="042" ind1=" " ind2=" ">
    <subfield code="a">premarc</subfield>
  </datafield>
  <datafield tag="050" ind1="0" ind2="0">
    <subfield code="a">PZ3.D323</subfield>
    <subfield code="b">S</subfield>
    <subfield code="a">PR6007.A845</subfield>
  </datafield>
  <datafield tag="100" ind1="1" ind2=" ">
    <subfield code="a">Dawson, A. J.</subfield>
    <subfield code="q">(Alec John),</subfield>
    <subfield code="d">1872-1952.</subfield>
  </datafield>
  <datafield tag="245" ind1="1" ind2="4">
    <subfield code="a">The story of Ronald Kestrel.</subfield>
    <subfield code="c">By A. J. Dawson...</subfield>
  </datafield>
  <datafield tag="260" ind1=" " ind2=" ">
    <subfield code="a">New York,</subfield>
    <subfield code="b">D. Appleton and company,</subfield>
    <subfield code="c">1899.</subfield>
  </datafield>
  <datafield tag="300" ind1=" " ind2=" ">
    <subfield code="a">vi, 343 p.</subfield>
    <subfield code="c">19 cm.</subfield>
  </datafield>
  <datafield tag="490" ind1="0" ind2=" ">
    <subfield code="a">Half-title: Appleton&apos;s town and country library,</subfield>
    <subfield code="v">no. 277</subfield>
  </datafield>
</record>