
<record>
  <leader>01261cam a22002291  4500</leader>
  <controlfield tag="001">   00000119 </controlfield>
  <controlfield tag="003">DLC</controlfield>
  <controlfield tag="005">20070707080413.0</controlfield>
  <controlfield tag="007">cr |||||||||||</controlfield>
  <controlfield tag="008">821229s1899    nyuaf   a     000 0aeng  </controlfield>
  <datafield tag="010" ind1=" " ind2=" ">
    <subfield code="a">   00000119 </subfield>
  </datafield>
  <datafield tag="040" ind1=" " ind2=" ">
    <subfield code="a">DLC</subfield>
    <subfield code="c">CarP</subfield>
    <subfield code="d">DLC</subfield>
  </datafield>
  <datafield tag="050" ind1="0" ind2="0">
    <subfield code="a">CS71.D337</subfield>
    <subfield code="b">1899</subfield>
  </datafield>
  <datafield tag="100" ind1="1" ind2=" ">
    <subfield code="a">Delano, Joel Andrew,</subfield>
    <subfield code="d">1831-1901,</subfield>
    <subfield code="e">comp.</subfield>
  </datafield>
  <datafield tag="245" ind1="1" ind2="4">
    <subfield code="a">The genealogy, history, and alliances of the American house of Delano, 1621 to 1899.</subfield>
    <subfield code="c">Compiled by Major Joel Andrew Delano, with the history of heraldry of the maison de Franchimont and de Lannoy to Delano, 1096-1621, and the royal ancestry of Lannoy from Guelph, prince of the Scyrri, to Philippe de Lannoy, 476 A.D. to 1621, including other royal lines and a list of the Lannoy chevaliers de la toison d&apos;or [golden fleece] arranged by Mortimer Delano de Lannoy.</subfield>
  </datafield>
  <datafield tag="260" ind1=" " ind2=" ">
    <subfield code="a">New York,</subfield>
    <subfield code="c">1899.</subfield>
  </datafield>
  <datafield tag="300" ind1=" " ind2=" ">
    <subfield code="a">2 p. l., 561 p.</subfield>
    <subfield code="b">col. front., plates, fold. geneal. tab.</subfield>
    <subfield code="c">27 cm.</subfield>
  </datafield>
  <datafield tag="530" ind1=" " ind2=" ">
    <subfield code="a">Also available in microfilm and in digital form on the Library of Congress Web site.</subfield>
  </datafield>
  <datafield tag="600" ind1="3" ind2="0">
    <subfield code="a">Delano family.</subfield>
  </datafield>
  <datafield tag="700" ind1="2" ind2=" ">
    <subfield code="a">Delano de Lannoy, Mortimer,</subfield>
    <subfield code="d">1869-1920,</subfield>
    <subfield code="e">ed.</subfield>
  </datafield>
  <datafield tag="856" ind1="4" ind2="1">
    <subfield code="3">PDF</subfield>
    <subfield code="u">http://hdl.loc.gov/loc.gdc/scd0001.20060523001ge.1</subfield>
  </datafield>
  <datafield tag="856" ind1="4" ind2="1">
    <subfield code="3">Page view</subfield>
    <subfield code="u">http://hdl.loc.gov/loc.gdc/scd0001.20060523001ge.2</subfield>
  </datafield>
</record>