
<record>
  <leader>00565cam a22001931  4500</leader>
  <controlfield tag="001">   00000120 </controlfield>
  <controlfield tag="003">DLC</controlfield>
  <controlfield tag="005">20050611162619.0</controlfield>
  <controlfield tag="008">790123s1899    nyu           000 0 eng  </controlfield>
  <datafield tag="010" ind1=" " ind2=" ">
    <subfield code="a">   00000120 </subfield>
  </datafield>
  <datafield tag="035" ind1=" " ind2=" ">
    <subfield code="a">(OCoLC)4574463</subfield>
  </datafield>
  <datafield tag="040" ind1=" " ind2=" ">
    <subfield code="a">DLC</subfield>
    <subfield code="c">MiGrC</subfield>
    <subfield code="d">MiGrC</subfield>
    <subfield code="d">DLC</subfield>
  </datafield>
  <datafield tag="042" ind1=" " ind2=" ">
    <subfield code="a">premarc</subfield>
  </datafield>
  <datafield tag="050" ind1="0" ind2="0">
    <subfield code="a">BJ1857.C5</subfield>
    <subfield code="b">D53</subfield>
  </datafield>
  <datafield tag="100" ind1="1" ind2=" ">
    <subfield code="a">Dewey, Julia M.</subfield>
  </datafield>
  <datafield tag="245" ind1="1" ind2="0">
    <subfield code="a">Lessons on manners;</subfield>
    <subfield code="b">arranged for grammar schools, high schools, and academies.</subfield>
    <subfield code="c">By Julia M. Dewey.</subfield>
  </datafield>
  <datafield tag="260" ind1=" " ind2=" ">
    <subfield code="a">New York,</subfield>
    <subfield code="b">Hinds &amp; Noble,</subfield>
    <subfield code="c">c1899.</subfield>
  </datafield>
  <datafield tag="300" ind1=" " ind2=" ">
    <subfield code="a">viii, 141 p.</subfield>
    <subfield code="c">17 cm.</subfield>
  </datafield>
  <datafield tag="650" ind1=" " ind2="0">
    <subfield code="a">Etiquette.</subfield>
  </datafield>
</record>