
<record>
  <leader>00542cam a22001811  4500</leader>
  <controlfield tag="001">   00000129 </controlfield>
  <controlfield tag="003">DLC</controlfield>
  <controlfield tag="005">20050811182208.0</controlfield>
  <controlfield tag="008">751013s1899    inuac         000 1 eng  </controlfield>
  <datafield tag="010" ind1=" " ind2=" ">
    <subfield code="a">   00000129 </subfield>
  </datafield>
  <datafield tag="035" ind1=" " ind2=" ">
    <subfield code="a">(OCoLC)1697537</subfield>
  </datafield>
  <datafield tag="040" ind1=" " ind2=" ">
    <subfield code="a">DLC</subfield>
    <subfield code="c">FM</subfield>
    <subfield code="d">DLC</subfield>
  </datafield>
  <datafield tag="042" ind1=" " ind2=" ">
    <subfield code="a">premarc</subfield>
  </datafield>
  <datafield tag="050" ind1="0" ind2="0">
    <subfield code="a">PS3509.L7</subfield>
    <subfield code="b">L6 1899</subfield>
  </datafield>
  <datafield tag="100" ind1="1" ind2=" ">
    <subfield code="a">Elmore, James B.</subfield>
    <subfield code="q">(James Buchanan),</subfield>
    <subfield code="d">1857-1942.</subfield>
  </datafield>
  <datafield tag="245" ind1="1" ind2="0">
    <subfield code="a">Love among the mistletoe, and poems,</subfield>
    <subfield code="c">by James B. Elmore.</subfield>
  </datafield>
  <datafield tag="260" ind1=" " ind2=" ">
    <subfield code="a">Alamo, Ind.,</subfield>
    <subfield code="b">The author,</subfield>
    <subfield code="c">1899.</subfield>
  </datafield>
  <datafield tag="300" ind1=" " ind2=" ">
    <subfield code="a">vi, 164 p.</subfield>
    <subfield code="b">front. (port.) illus.</subfield>
    <subfield code="c">18 cm.</subfield>
  </datafield>
</record>