
<record>
  <leader>00747cam a22002291  4500</leader>
  <controlfield tag="001">   00000132 </controlfield>
  <controlfield tag="003">DLC</controlfield>
  <controlfield tag="005">20090829080516.0</controlfield>
  <controlfield tag="007">cr_|||||||||||</controlfield>
  <controlfield tag="008">760319s1899    ksu           001 0 eng  </controlfield>
  <datafield tag="010" ind1=" " ind2=" ">
    <subfield code="a">   00000132 </subfield>
  </datafield>
  <datafield tag="035" ind1=" " ind2=" ">
    <subfield code="a">(OCoLC)2058294</subfield>
  </datafield>
  <datafield tag="040" ind1=" " ind2=" ">
    <subfield code="a">DLC</subfield>
    <subfield code="c">OMC</subfield>
    <subfield code="d">OMC</subfield>
    <subfield code="d">DLC</subfield>
  </datafield>
  <datafield tag="042" ind1=" " ind2=" ">
    <subfield code="a">premarc</subfield>
  </datafield>
  <datafield tag="050" ind1="0" ind2="0">
    <subfield code="a">E470</subfield>
    <subfield code="b">.F75</subfield>
  </datafield>
  <datafield tag="100" ind1="1" ind2=" ">
    <subfield code="a">Foster, Eli Greenawalt.</subfield>
  </datafield>
  <datafield tag="245" ind1="1" ind2="4">
    <subfield code="a">The Civil War by campaigns,</subfield>
    <subfield code="c">by Eli G. Foster.</subfield>
  </datafield>
  <datafield tag="260" ind1=" " ind2=" ">
    <subfield code="a">Topeka, Kan.,</subfield>
    <subfield code="b">Crane,</subfield>
    <subfield code="c">1899.</subfield>
  </datafield>
  <datafield tag="300" ind1=" " ind2=" ">
    <subfield code="a">286 p.</subfield>
    <subfield code="b">illus. (plans) double maps.</subfield>
    <subfield code="c">20 cm.</subfield>
  </datafield>
  <datafield tag="530" ind1=" " ind2=" ">
    <subfield code="a">Also available in digital form on the Internet Archive Web site.</subfield>
  </datafield>
  <datafield tag="651" ind1=" " ind2="0">
    <subfield code="a">United States</subfield>
    <subfield code="x">History</subfield>
    <subfield code="y">Civil War, 1861-1865</subfield>
    <subfield code="x">Campaigns.</subfield>
  </datafield>
  <datafield tag="856" ind1="4" ind2="1">
    <subfield code="u">http://hdl.loc.gov/loc.gdc/scd0001.00121931151</subfield>
  </datafield>
</record>