
<record>
  <leader>00587cam a22001931  4500</leader>
  <controlfield tag="001">   00000137 </controlfield>
  <controlfield tag="003">DLC</controlfield>
  <controlfield tag="005">20050723212501.0</controlfield>
  <controlfield tag="008">740502s1899    xx            000 0 eng  </controlfield>
  <datafield tag="010" ind1=" " ind2=" ">
    <subfield code="a">   00000137 </subfield>
  </datafield>
  <datafield tag="035" ind1=" " ind2=" ">
    <subfield code="a">(OCoLC)876607</subfield>
  </datafield>
  <datafield tag="040" ind1=" " ind2=" ">
    <subfield code="a">DLC</subfield>
    <subfield code="c">OTifH</subfield>
    <subfield code="d">DLC</subfield>
  </datafield>
  <datafield tag="042" ind1=" " ind2=" ">
    <subfield code="a">premarc</subfield>
  </datafield>
  <datafield tag="050" ind1="0" ind2="0">
    <subfield code="a">BX9565</subfield>
    <subfield code="b">.G7</subfield>
  </datafield>
  <datafield tag="100" ind1="1" ind2=" ">
    <subfield code="a">Good, James I.</subfield>
    <subfield code="q">(James Isaac),</subfield>
    <subfield code="d">1850-1924.</subfield>
  </datafield>
  <datafield tag="245" ind1="1" ind2="0">
    <subfield code="a">History of the Reformed Church in the United States, 1725-1792.</subfield>
  </datafield>
  <datafield tag="260" ind1=" " ind2=" ">
    <subfield code="a">Reading, Pa.,</subfield>
    <subfield code="b">D. Miller,</subfield>
    <subfield code="c">1899.</subfield>
  </datafield>
  <datafield tag="300" ind1=" " ind2=" ">
    <subfield code="a">vii, 701 p.</subfield>
    <subfield code="b">illus.</subfield>
    <subfield code="c">20 cm.</subfield>
  </datafield>
  <datafield tag="610" ind1="2" ind2="0">
    <subfield code="a">Reformed Church in the United States</subfield>
    <subfield code="x">History.</subfield>
  </datafield>
</record>